
@article{numpy,
	Author = {Van Der Walt, Stefan and Colbert, S Chris and Varoquaux, Gael},
	Date-Added = {2017-02-16 21:07:38 +0000},
	Date-Modified = {2017-02-16 21:07:38 +0000},
	Journal = {Computing in Science \& Engineering},
	Number = {2},
	Pages = {22--30},
	Publisher = {AIP Publishing},
	Title = {The NumPy array: a structure for efficient numerical computation},
	Volume = {13},
	Year = {2011}}
	
	
@ARTICLE{Nesvorny13,
        author = {{Nesvorn{\'y}}, David and {Kipping}, David and {Terrell}, Dirk and
        {Hartman}, Joel and {Bakos}, G{\'a}sp{\'a}r {\'A}. and
        {Buchhave}, Lars A.},
        title = "{KOI-142, The King of Transit Variations, is a Pair of Planets near the
        2:1 Resonance}",
      journal = {\apj},
     keywords = {planetary systems, Astrophysics - Earth and Planetary Astrophysics},
         year = 2013,
        month = Nov,
       volume = {777},
          eid = {3},
        pages = {3},
          doi = {10.1088/0004-637X/777/1/3},
       adsurl = {https://ui.adsabs.harvard.edu/#abs/2013ApJ...777....3N},
      adsnote = {Provided by the SAO/NASA Astrophysics Data System}
}	

@ARTICLE{Deck14,
       author = {{Deck}, Katherine M. and {Agol}, Eric and {Holman}, Matthew J. and
        {Nesvorn{\'y}}, David},
        title = "{TTVFast: An Efficient and Accurate Code for Transit Timing Inversion
        Problems}",
      journal = {\apj},
     keywords = {planets and satellites: dynamical evolution and stability, planets and
        satellites: fundamental parameters, methods: numerical,
        Astrophysics - Earth and Planetary Astrophysics},
         year = 2014,
        month = Jun,
       volume = {787},
          eid = {132},
        pages = {132},
          doi = {10.1088/0004-637X/787/2/132},
       adsurl = {https://ui.adsabs.harvard.edu/#abs/2014ApJ...787..132D},
      adsnote = {Provided by the SAO/NASA Astrophysics Data System}
}

@article{emcee,
   author = {{Foreman-Mackey}, D. and {Hogg}, D.~W. and {Lang}, D. and {Goodman}, J.},
    title = "{emcee: The MCMC Hammer}",
  journal = {PASP},
     year = 2013,
   volume = 125,
    pages = {306-312},
   eprint = {1202.3665},
      doi = {10.1086/670067}
}
